@article{Araietal2022,
  title={Methodological guide on the use of mobile phone data: Measuring the Information Society},
  author={Magpantay, Esperanza and Eriksson, Fredrik and
  Pilsas, Gerttu and
  Esko, Siim and
  Saluveer, Erki and
  Barbosa, Alexandre and
  Pitta, Marcelo and
  Oyadomari, Winston and
  {do Carmo Bueno}, Maria and
  {Kanti Lestari}, Titi and
  Reno, Alfatihah},
  journal={New York: United Nations Statistics Division},
  volume={},
  pages={},
  year={2022},
  publisher={United Nations}
}

@techreport{iom2024-return,
author = {IOM},
title = {{Ukraine returns report. General population survey. Round 16}},
institution = {{International Organization for Migration (IOM)}},
year = {2024}
}

@techreport{iom2023-return,
author = {Galindo, Jorge},
title = {{Return, reintegration and recovery. IOM’s position on returns to Ukraine}},
institution = {{International Organization for Migration (IOM)}},
year = {2023}
}


@article{walker2024,
 author  = {Walker, Nigel},
 date    = {2024-03-18},
 title   = {Conflict in {Ukraine: A} timeline (current conflict, 2022-present)},
 journal = {{House of Commons Library}},
 url     = {https://commonslibrary.parliament.uk/research-briefings/cbp-9847/},
 urldate = {2024-03-18}
}


@article{yana2021,
 author  = {Dlugy, Yana},
 date    = {2022-06-24},
 title   = {The Fall of {Sievierodonetsk}},
 journal = {{The New York Times}},
 url     = {https://www.nytimes.com/2022/06/24/briefing/russia-ukraine-war-sievierodonetsk-romania.html},
 urldate = {2022-06-24}
}

@book{idmc2024,
	title = {2024 Global Report on Internal Displacement {(GRID)}},
	author = {{IDMC}},
	year = {2024},
	date = {2024},
	publisher = {{Internal Displacement Monitoring Centre, IDMC}},
	doi = {},
	url = {https://www.unhcr.org/refugee-statistics},
	address = {Geneva, Switzerland},
	langid = {eng}
}

@book{unhcr2023,
	title = {Global trends. Forced displacement in 2022.},
	author = {{UNHCR}},
	year = {2022},
	date = {2022},
	publisher = {{United Nations High Commissioner for Refugees. UNHCR}},
	doi = {},
	url = {https://www.unhcr.org/refugee-statistics},
	address = {Copenhagen, Denmark},
	langid = {eng}
}


@article{rowe2023urban,
  title={Urban exodus? Understanding human mobility in Britain during the COVID-19 pandemic using Meta-Facebook data},
  author={Rowe, Francisco and Calafiore, Alessia and Arribas-Bel, Daniel and Samardzhiev, Krasen and Fleischmann, Martin},
  journal={Population, Space and Place},
  volume={29},
  number={1},
  pages={e2637},
  year={2023},
  publisher={Wiley Online Library}
}

@misc{rowe2022a,
	title = {Spatial Interaction Modelling: A Manifesto},
	author = {Rowe, Francisco and Lovelace, Robin and Dennett, Adam},
	year = {2022},
	month = {07},
	date = {2022-07-22},
	url = {http://dx.doi.org/10.31219/osf.io/xcdms}
}

@article{arambepola2023,
	title = {Fine scale human mobility changes within 26 US cities in 2020 in response to the COVID-19 pandemic were associated with distance and income},
	author = {Arambepola, Rohan and Schaber, Kathryn L. and Schluth, Catherine and Huang, Angkana T. and Labrique, Alain B. and Mehta, Shruti H. and Solomon, Sunil S. and Cummings, Derek A. T. and Wesolowski, Amy},
	editor = {{Ramírez-Soto}, Max Carlos},
	year = {2023},
	month = {07},
	date = {2023-07-21},
	journal = {PLOS Global Public Health},
	pages = {e0002151},
	volume = {3},
	number = {7},
	doi = {10.1371/journal.pgph.0002151},
	url = {http://dx.doi.org/10.1371/journal.pgph.0002151},
	langid = {en}
}

@book{europeancommission.jointresearchcentre.2022,
	title = {Data innovation in demography, migration and human mobility.},
	author = {{European Commission. Joint Research Centre.}},
	year = {2022},
	date = {2022},
	publisher = {Publications Office},
	doi = {10.2760/027157},
	url = {https://data.europa.eu/doi/10.2760/027157},
	address = {LU},
	langid = {eng}
}

@report{UNHCR_mid2023,
title = {Mid-Year Trends 2023},
author = {UNHCR},
year = {2023},
date = {2023},
publisher = {United Nations High Commissioner for Refugees, Statistics and Demographic Section},
url = {https://www.unhcr.org/mid-year-trends-report-2023},
address = {2100 Copenhagen, Denmark},
langid = {eng}
}

@article{kim2023mobile,
  title={Mobile phone data reveals spatiotemporal recreational patterns in conservation areas during the {COVID} pandemic},
  author={Kim, Ji Yoon and Kubo, Takahiro and Nishihiro, Jun},
  journal={Scientific Reports},
  volume={13},
  number={1},
  pages={20282},
  year={2023},
  publisher={Nature Publishing Group UK London},
  url={https://doi.org/10.1038/s41598-023-47326-y}
}

@article{leasure2023nowcasting,
  title={Nowcasting daily population displacement in {Ukraine} through social media advertising data},
  author={Leasure, Douglas R and Kashyap, Ridhi and Rampazzo, Francesco and Dooley, Claire A and Elbers, Benjamin and Bondarenko, Maksym and Verhagen, Mark and Frey, Arun and Yan, Jiani and Akimova, Evelina T and others},
  journal={Population and Development Review},
  volume={49},
  number={2},
  pages={231--254},
  year={2023},
  publisher={Wiley Online Library},
  url={https://doi.org/10.1111/padr.12558}
}


@techreport{IOM2022,
  author      = {IOM},
  title       = {Ukraine Internal Displacement Report - General population survey - Round 11 (25 November - 5 December 2022)},
  institution = {International Organization for Migration (IOM)},
  year        = {2022},
}

@techreport{IOM2022r1,
  author      = {IOM},
  title       = {Ukraine — IDP figures: General Population Survey, Round 1 (9 - 16 March 2022)},
  institution = {International Organization for Migration (IOM)},
  year        = {2022},
}


@article{sarzin2017stocktaking,
  title={Stocktaking of global forced displacement data},
  author={Sarzin, Zara Inga},
  journal={World Bank Policy Research Working Paper},
  number={7985},
  year={2017}
}

@article{checchi2013validity,
  title={Validity and feasibility of a satellite imagery-based method for rapid estimation of displaced populations},
  author={Checchi, Francesco and Stewart, Barclay T and Palmer, Jennifer J and Grundy, Chris},
  journal={International journal of health geographics},
  volume={12},
  pages={1--12},
  year={2013},
  publisher={Springer},
  url ={https://doi.org/10.1186/1476-072X-12-4}
}

@article{nyhan2016exposure,
  title={{“Exposure Track” - The} Impact of Mobile-Device-Based Mobility Patterns on Quantifying Population Exposure to Air Pollution},
  author={Nyhan, Marguerite and Grauwin, Sebastian and Britter, Rex and Misstear, Bruce and McNabola, Aonghus and Laden, Francine and Barrett, Steven RH and Ratti, Carlo},
  journal={Environmental science \& technology},
  volume={50},
  number={17},
  pages={9671--9681},
  year={2016},
  publisher={ACS Publications},
  url={https://doi.org/10.1021/acs.est.6b02385}
}

@article{dewulf2016dynamic,
  title={Dynamic assessment of exposure to air pollution using mobile phone data},
  author={Dewulf, Bart and Neutens, Tijs and Lefebvre, Wouter and Seynaeve, Gerdy and Vanpoucke, Charlotte and Beckx, Carolien and Van de Weghe, Nico},
  journal={International journal of health geographics},
  volume={15},
  pages={1--14},
  year={2016},
  publisher={Springer},
  url={https://doi.org/10.1186/s12942-016-0042-z}
}

@article{huang2019transport,
  title={Transport mode detection based on mobile phone network data: {A} systematic review},
  author={Huang, Haosheng and Cheng, Yi and Weibel, Robert},
  journal={Transportation Research Part C: Emerging Technologies},
  volume={101},
  pages={297--312},
  year={2019},
  publisher={Elsevier},
  url={https://doi.org/10.1016/j.trc.2019.02.008}
}

@article{lu2016unveiling,
  title={Unveiling hidden migration and mobility patterns in climate stressed regions: {A} longitudinal study of six million anonymous mobile phone users in {Bangladesh}},
  author={Lu, Xin and Wrathall, David J and Sunds{\o}y, P{\aa}l Roe and Nadiruzzaman, Md and Wetter, Erik and Iqbal, Asif and Qureshi, Taimur and Tatem, Andrew and Canright, Geoffrey and Eng{\o}-Monsen, Kenth and others},
  journal={Global Environmental Change},
  volume={38},
  pages={1--7},
  year={2016},
  publisher={Elsevier},
  url={https://doi.org/10.1016/j.gloenvcha.2016.02.002}
}

@article{grantz2020use,
  title={The use of mobile phone data to inform analysis of {COVID-19} pandemic epidemiology},
  author={Grantz, Kyra H and Meredith, Hannah R and Cummings, Derek AT and Metcalf, C Jessica E and Grenfell, Bryan T and Giles, John R and Mehta, Shruti and Solomon, Sunil and Labrique, Alain and Kishore, Nishant and others},
  journal={Nature communications},
  volume={11},
  number={1},
  pages={4961},
  year={2020},
  publisher={Nature Publishing Group UK London},
  url={https://doi.org/10.1038/s41467-020-18190-5}
}

@article{OPD,
  author = {{UNHCR}},
  title = {Ukraine Refugee Situation},
  year = 2024,
  publisher = {{United Nations High Commissioner for Refugees. UNHCR. Operation Data Portal}},
  note = {Available at: \url{https://data.unhcr.org/en/situations/ukraine}. [Accessed 3 Oct. 2024].}
}

@online{ukraine_returns_report,
  title = {Ukraine Returns Report},
  year = {2023},
  url = {https://dtm.iom.int/},
  organization = {{International Organisation for Migration Global Data Institute}},
  note = {Available at: \url{https://dtm.iom.int/sites/g/files/tmzbdl1461/files/reports/IOM_Gen}. [Accessed 3 Sep. 2024].}
}

@misc{crimea2018,
  title = {Crimea Profile},
  author = {{BBC News}},
  year = {2018},
  howpublished = {Online},
  month = {January 17},
  url = {https://www.bbc.com/news/world-europe-18287223}
}

@misc{iom2023,
  title = {{DTM Ukraine — Methodological Note — General Population Survey}},
  author = {{International Organization for Migration (IOM)}},
  year = {2023},
  month = {August 04},
  howpublished = {IOM, Ukraine}
}

@article{worldpopukraine,
    author = {{WorldPop}},
    title = {Ukraine Conflict - {WorldPop}},
    urldate = {2024-04-05},
    note = {Available at: \url{https://www.worldpop.org/events/ukraine/}. [Accessed 3 Sep. 2023].}
}

@online{GADM,
  author = {GADM},
  title = {{GADM} data: the Database of Global Administrative Areas},
  year = 2022,
  publisher = {Database of Global Administrative Areas},
  note = {Available at: \url{https://gadm.org/data.html}. [Accessed 15 Jan. 2024].}
}

@article{florczyk2019ghsl,
  title={{GHSL data package 2019. Public release GHS P2019}},
  author={Florczyk, Aneta J and Corbane, Christina and Ehrlich, Daniele and Freire, Sergio and Kemper, Thomas and Maffenini, Luca and Melchiorri, Michele and Pesaresi, Martino and Politis, Panagiotis and Schiavina, Marcello and others},
  journal={{Luxembourg: Publications Office of the European Union}},
  volume={29788},
  number={10.2760},
  pages={290498},
  year={2019}
}


@article{stevens2015disaggregating,
  title={Disaggregating Census Data for Population Mapping Using Random Forests with Remotely-Sensed and Ancillary Data},
  author={Stevens, Forrest R and Gaughan, Andrea E and Linard, Catherine and Tatem, Andrew J},
  journal={PLOS ONE},
  volume={10},
  number={2},
  pages={e0107042},
  year={2015},
  doi={10.1371/journal.pone.0107042},
  url={https://doi.org/10.1371/journal.pone.0107042}
}
@inbook{rowe2023,
	title = {Big data},
	author = {Rowe, Francisco},
	booktitle={{Concise Encyclopedia of Human Geography}},
	editor={Lees, Loretta and Demeritt, David},
	year = {2023},
	month = {02},
	date = {2023-02-23},
	publisher = {Edward Elgar Publishing},
	pages = {42--47},
	doi = {10.4337/9781800883499.ch09},
	url = {http://dx.doi.org/10.4337/9781800883499.ch09}
}

@article{graells-garrido2021,
	title = {A city of cities: Measuring how 15-minutes urban accessibility shapes human mobility in Barcelona},
	author = {Graells-Garrido, Eduardo and Serra-Burriel, Feliu and Rowe, Francisco and Cucchietti, Fernando M. and Reyes, Patricio},
	editor = {Zhang, Wenjia},
	year = {2021},
	month = {05},
	date = {2021-05-05},
	journal = {PLOS ONE},
	pages = {e0250080},
	volume = {16},
	number = {5},
	doi = {10.1371/journal.pone.0250080},
	url = {http://dx.doi.org/10.1371/journal.pone.0250080},
	langid = {en}
}

@article{gonzález-leonardo2024,
	title = {Where have Ukrainian refugees gone? Identifying potential settlement areas across European regions integrating digital and traditional geographic data},
	author = {{González{-}Leonardo}, Miguel and Neville, Ruth and {Gil{-}Clavel}, {Sofía} and Rowe, Francisco},
	year = {2024},
	month = {05},
	date = {2024-05-09},
	journal = {Population, Space and Place},
	doi = {10.1002/psp.2790},
	url = {http://dx.doi.org/10.1002/psp.2790},
	langid = {en}
}

@article{gonzález-leonardo2024a,
	title = {Where have Ukrainian refugees gone? Identifying potential settlement areas across European regions integrating digital and traditional geographic data},
	author = {{González{-}Leonardo}, Miguel and Neville, Ruth and {Gil{-}Clavel}, {Sofía} and Rowe, Francisco},
	year = {2024},
	month = {05},
	date = {2024-05-09},
	journal = {Population, Space and Place},
	doi = {10.1002/psp.2790},
	url = {http://dx.doi.org/10.1002/psp.2790},
	langid = {en}
}



@article{rowe2022,
	title = {Using digital footprint data to monitor human mobility and support rapid humanitarian responses},
	author = {Rowe, Francisco},
	year = {2022},
	month = {10},
	date = {2022-10-31},
	journal = {Regional Studies, Regional Science},
	pages = {665--668},
	volume = {9},
	number = {1},
	doi = {10.1080/21681376.2022.2135458},
	url = {http://dx.doi.org/10.1080/21681376.2022.2135458},
	langid = {en}
}

@article{blattman2010,
	title = {Civil War},
	author = {Blattman, Christopher and Miguel, Edward},
	year = {2010},
	month = {03},
	date = {2010-03-01},
	journal = {Journal of Economic Literature},
	pages = {3--57},
	volume = {48},
	number = {1},
	doi = {10.1257/jel.48.1.3},
	url = {http://dx.doi.org/10.1257/jel.48.1.3},
	langid = {en}
}

@article{tai2022,
	title = {Mobile phone data reveal the effects of violence on internal displacement in Afghanistan},
	author = {Tai, Xiao Hui and Mehra, Shikhar and Blumenstock, Joshua E.},
	year = {2022},
	month = {05},
	date = {2022-05-12},
	journal = {Nature Human Behaviour},
	pages = {624--634},
	volume = {6},
	number = {5},
	doi = {10.1038/s41562-022-01336-4},
	url = {http://dx.doi.org/10.1038/s41562-022-01336-4},
	langid = {en}
}

@book{guideto2019,
	title = {Guide to Mobile Data Analytics in Refugee Scenarios},
	editor = {Salah, Albert Ali and Pentland, Alex and Lepri, Bruno and {Letouzé}, Emmanuel},
	year = {2019},
	date = {2019},
	publisher = {Springer International Publishing},
	doi = {10.1007/978-3-030-12554-7},
	url = {http://dx.doi.org/10.1007/978-3-030-12554-7},
	langid = {en}
}

@article{drouhot2022,
	title = {Computational approaches to migration and integration research: promises and challenges},
	author = {Drouhot, Lucas G. and Deutschmann, Emanuel and Zuccotti, Carolina V. and Zagheni, Emilio},
	year = {2022},
	month = {08},
	date = {2022-08-16},
	journal = {Journal of Ethnic and Migration Studies},
	pages = {389--407},
	volume = {49},
	number = {2},
	doi = {10.1080/1369183x.2022.2100542},
	url = {http://dx.doi.org/10.1080/1369183X.2022.2100542},
	langid = {en}
}

@book{understa2011,
	title = {Understanding Peace Research
Methods and Challenges},
  author ={Hoglund, Kristine and Oberg, Magnus},
	editor = {Hoglund, Kristine and Oberg, Magnus},
	year = {2011},
	month = {03},
	date = {2011-03-01},
	publisher = {Routledge},
	doi = {10.4324/9780203828557},
	url = {http://dx.doi.org/10.4324/9780203828557},
	langid = {en}
}

@article{salehyan2015,
	title = {Best practices in the collection of conflict data},
	author = {Salehyan, Idean},
	year = {2015},
	month = {01},
	date = {2015-01},
	journal = {Journal of Peace Research},
	pages = {105--109},
	volume = {52},
	number = {1},
	doi = {10.1177/0022343314551563},
	url = {http://dx.doi.org/10.1177/0022343314551563},
	langid = {en}
}

@article{zhao2016,
	title = {Understanding the bias of call detail records in human mobility research},
	author = {Zhao, Ziliang and Shaw, Shih-Lung and Xu, Yang and Lu, Feng and Chen, Jie and Yin, Ling},
	year = {2016},
	month = {01},
	date = {2016-01-26},
	journal = {International Journal of Geographical Information Science},
	pages = {1738--1762},
	volume = {30},
	number = {9},
	doi = {10.1080/13658816.2015.1137298},
	url = {http://dx.doi.org/10.1080/13658816.2015.1137298},
	langid = {en}
}

@article{ranjan2012,
	title = {Are call detail records biased for sampling human mobility?},
	author = {Ranjan, Gyan and Zang, Hui and Zhang, Zhi-Li and Bolot, Jean},
	year = {2012},
	month = {12},
	date = {2012-12-05},
	journal = {ACM SIGMOBILE Mobile Computing and Communications Review},
	pages = {33--44},
	volume = {16},
	number = {3},
	doi = {10.1145/2412096.2412101},
	url = {http://dx.doi.org/10.1145/2412096.2412101},
	langid = {en}
}

@article{pestre2019,
	title = {The ABCDE of Big Data: Assessing Biases in Call-Detail Records for Development Estimates},
	author = {Pestre, Gabriel and {Letouzé}, Emmanuel and Zagheni, Emilio},
	year = {2019},
	month = {12},
	date = {2019-12-03},
	journal = {The World Bank Economic Review},
	pages = {S89--S97},
	volume = {34},
	number = {Supplement{\_}1},
	doi = {10.1093/wber/lhz039},
	url = {http://dx.doi.org/10.1093/wber/lhz039},
	langid = {en}
}

@article{grantz2020,
	title = {The use of mobile phone data to inform analysis of COVID-19 pandemic epidemiology},
	author = {Grantz, Kyra H. and Meredith, Hannah R. and Cummings, Derek A. T. and Metcalf, C. Jessica E. and Grenfell, Bryan T. and Giles, John R. and Mehta, Shruti and Solomon, Sunil and Labrique, Alain and Kishore, Nishant and Buckee, Caroline O. and Wesolowski, Amy},
	year = {2020},
	month = {09},
	date = {2020-09-30},
	journal = {Nature Communications},
	volume = {11},
	number = {1},
	doi = {10.1038/s41467-020-18190-5},
	url = {http://dx.doi.org/10.1038/s41467-020-18190-5},
	langid = {en}
}

@article{rowe2022b,
	title = {Sensing Population Displacement from Ukraine Using Facebook Data: Potential Impacts and Settlement Areas},
	author = {Rowe, Francisco and Neville, Ruth and {González-Leonardo}, Miguel},
	journal = {OSF preprint},
	year = {2022},
	month = {08},
	date = {2022-08-30},
	url = {http://dx.doi.org/10.31219/osf.io/7n6wm}
}

@techreport{rowe2024medium,
  title={Medium-term changes in the patterns of internal population movements in Latin American countries: effects of the COVID-19 pandemic},
  author={Rowe, Francisco and Cabrera-Arnau, Carmen and Gonz{\'a}lez-Leonardo, Miguel and Nasuto, Andrea and Neville, Ruth},
  year={2024},
  institution={Naciones Unidas Comisi{\'o}n Econ{\'o}mica para Am{\'e}rica Latina y el Caribe (CEPAL)}
}

@article{gonzález-leonardo2024b,
	title = {Where have Ukrainian refugees gone? Identifying potential settlement areas across European regions integrating digital and traditional geographic data},
	author = {{González{-}Leonardo}, Miguel and Neville, Ruth and {Gil{-}Clavel}, {Sofía} and Rowe, Francisco},
	year = {2024},
	month = {05},
	date = {2024-05-09},
	journal = {Population, Space and Place},
	doi = {10.1002/psp.2790},
	url = {http://dx.doi.org/10.1002/psp.2790},
	langid = {en}
}

@article{stillwell2016,
	title = {Internal migration around the world: comparing distance travelled and its frictional effect},
	author = {Stillwell, J and Bell, M and Ueffing, P and Daras, K and Charles-Edwards, E and Kupiszewski, M and Kupiszewska, D},
	year = {2016},
	month = {04},
	date = {2016-04-13},
	journal = {Environment and Planning A: Economy and Space},
	pages = {1657--1675},
	volume = {48},
	number = {8},
	doi = {10.1177/0308518x16643963},
	url = {http://dx.doi.org/10.1177/0308518X16643963},
	langid = {en}
}

@article{arribas-bel2021,
	title = {Open data products-A framework for creating valuable analysis ready data},
	author = {Arribas-Bel, Dani and Green, Mark and Rowe, Francisco and Singleton, Alex},
	year = {2021},
	month = {10},
	date = {2021-10},
	journal = {Journal of Geographical Systems},
	pages = {497--514},
	volume = {23},
	number = {4},
	doi = {10.1007/s10109-021-00363-5},
	url = {http://dx.doi.org/10.1007/s10109-021-00363-5},
	langid = {en}
}

@article{shibuya2024,
	title = {Assessing internal displacement patterns in Ukraine during the beginning of the Russian invasion in 2022},
	author = {Shibuya, Yuya and Jones, Nicholas and Sekimoto, Yoshihide},
	year = {2024},
	month = {05},
	date = {2024-05-15},
	journal = {Scientific Reports},
	volume = {14},
	number = {1},
	doi = {10.1038/s41598-024-59814-w},
	url = {http://dx.doi.org/10.1038/s41598-024-59814-w},
	langid = {en}
}

@article{spyratos2019quantifying,
  title={Quantifying international human mobility patterns using Facebook Network data},
  author={Spyratos, Spyridon and Vespe, Michele and Natale, Fabrizio and Weber, Ingmar and Zagheni, Emilio and Rango, Marzia},
  journal={PloS one},
  volume={14},
  number={10},
  pages={e0224134},
  year={2019},
  publisher={Public Library of Science San Francisco, CA USA}
}
@misc{rowe2024,
	title = {Digital Data and Population Studies},
	author = {Rowe, Francisco and {González-Leonardo}, Miguel},
	year = {2024},
	month = {10},
	date = {2024-10-15},
	url = {http://dx.doi.org/10.31219/osf.io/jb3e5}
}

@article{finazzi2023,
	title = {Replacing discontinued Big Tech mobility reports: a penetration-based analysis},
	author = {Finazzi, Francesco},
	year = {2023},
	month = {01},
	date = {2023-01-17},
	journal = {Scientific Reports},
	volume = {13},
	number = {1},
	doi = {10.1038/s41598-023-28137-7},
	url = {http://dx.doi.org/10.1038/s41598-023-28137-7},
	langid = {en}
}
